@article{ceselli2005branch,
  title={A branch-and-price algorithm for the capacitated p-median problem},
  author={Ceselli, Alberto and Righini, Giovanni},
  journal={Networks: An International Journal},
  volume={45},
  number={3},
  pages={125--142},
  year={2005},
  publisher={Wiley Online Library}
}